<record><leader>00000cas a2200000 a 4500</leader><controlfield tag="001">10000851</controlfield><controlfield tag="008">831011d182918uunyumr ne      0    0eng c</controlfield><datafield ind1=" " ind2=" " tag="010"><subfield code="a">sn 83027094 </subfield></datafield><datafield ind1=" " ind2=" " tag="040"><subfield code="a">NPV</subfield><subfield code="b">eng</subfield><subfield code="c">NPV</subfield><subfield code="d">NPX</subfield><subfield code="d">DLC</subfield><subfield code="d">NJW</subfield><subfield code="d">MFN</subfield><subfield code="d">KNP</subfield><subfield code="d">ONP</subfield><subfield code="d">KNP</subfield><subfield code="d">OCL</subfield><subfield code="d">TGN</subfield><subfield code="d">CVF</subfield><subfield code="d">CRL</subfield><subfield code="d">CVF</subfield><subfield code="d">OCL</subfield><subfield code="d">DLC</subfield><subfield code="d">OCLCQ</subfield><subfield code="d">OCLCF</subfield><subfield code="d">OCLCO</subfield><subfield code="d">AQM</subfield><subfield code="d">OCLCQ</subfield></datafield><datafield ind1=" " ind2=" " tag="042"><subfield code="a">pcc</subfield></datafield><datafield ind1=" " ind2=" " tag="043"><subfield code="a">n-us-ny</subfield></datafield><datafield ind1=" " ind2=" " tag="045"><subfield code="a">w2w3</subfield></datafield><datafield ind1="0" ind2="0" tag="050"><subfield code="a">Newspaper</subfield></datafield><datafield ind1=" " ind2=" " tag="052"><subfield code="a">3804</subfield><subfield code="b">N4</subfield></datafield><datafield ind1="0" ind2="4" tag="245"><subfield code="a">The rights of all.</subfield></datafield><datafield ind1=" " ind2=" " tag="260"><subfield code="a">New-York [N.Y.] :</subfield><subfield code="b">Samuel E. Cornish,</subfield><subfield code="c">1829-</subfield></datafield><datafield ind1=" " ind2=" " tag="300"><subfield code="a">volumes</subfield></datafield><datafield ind1=" " ind2=" " tag="310"><subfield code="a">Monthly,</subfield><subfield code="b">&lt;Aug. 7, 1829-Oct. 9, 1829&gt;</subfield></datafield><datafield ind1=" " ind2=" " tag="321"><subfield code="a">Weekly,</subfield><subfield code="b">May 29, 1829-&lt;June 12, 1829&gt;</subfield></datafield><datafield ind1=" " ind2=" " tag="336"><subfield code="a">text</subfield><subfield code="b">txt</subfield><subfield code="2">rdacontent</subfield></datafield><datafield ind1=" " ind2=" " tag="337"><subfield code="a">unmediated</subfield><subfield code="b">n</subfield><subfield code="2">rdamedia</subfield></datafield><datafield ind1=" " ind2=" " tag="338"><subfield code="a">volume</subfield><subfield code="b">nc</subfield><subfield code="2">rdacarrier</subfield></datafield><datafield ind1="0" ind2=" " tag="362"><subfield code="a">Vol. 1, no. 1 (May 29, 1829)-</subfield></datafield><datafield ind1=" " ind2=" " tag="530"><subfield code="a">Microfilmed by the Library of Congress for the Committee on Negro Studies of the American Council of Learned Societies.</subfield></datafield><datafield ind1=" " ind2="0" tag="650"><subfield code="a">African Americans</subfield><subfield code="z">New York (State)</subfield><subfield code="z">New York</subfield><subfield code="v">Newspapers.</subfield></datafield><datafield ind1=" " ind2="0" tag="650"><subfield code="a">African American newspapers</subfield><subfield code="z">New York (State)</subfield></datafield><datafield ind1=" " ind2="0" tag="651"><subfield code="a">New York (N.Y.)</subfield><subfield code="v">Newspapers.</subfield></datafield><datafield ind1=" " ind2="7" tag="650"><subfield code="a">African American newspapers.</subfield><subfield code="2">fast</subfield><subfield code="0">(OCoLC)fst00799278</subfield></datafield><datafield ind1=" " ind2="7" tag="650"><subfield code="a">African Americans.</subfield><subfield code="2">fast</subfield><subfield code="0">(OCoLC)fst00799558</subfield></datafield><datafield ind1=" " ind2="7" tag="651"><subfield code="a">New York (State)</subfield><subfield code="2">fast</subfield><subfield code="0">(OCoLC)fst01210280</subfield></datafield><datafield ind1=" " ind2="7" tag="651"><subfield code="a">New York (State)</subfield><subfield code="z">New York.</subfield><subfield code="2">fast</subfield><subfield code="0">(OCoLC)fst01204333</subfield></datafield><datafield ind1=" " ind2="7" tag="655"><subfield code="a">Newspapers.</subfield><subfield code="2">fast</subfield><subfield code="0">(OCoLC)fst01423814</subfield></datafield><datafield ind1=" " ind2="7" tag="655"><subfield code="a">African American newspapers.</subfield><subfield code="2">ngl</subfield></datafield><datafield ind1=" " ind2="7" tag="655"><subfield code="a">Anti-slavery newspapers.</subfield><subfield code="2">ngl</subfield></datafield><datafield ind1=" " ind2=" " tag="752"><subfield code="a">United States</subfield><subfield code="b">New York</subfield><subfield code="c">New York</subfield><subfield code="d">New York.</subfield></datafield><datafield ind1="0" ind2="0" tag="780"><subfield code="t">Freedom's journal (New York, N.Y. : 1827)</subfield><subfield code="w">(DLC)sn 83030455</subfield><subfield code="w">(OCoLC)1570144</subfield></datafield><datafield ind1="1" ind2=" " tag="029"><subfield code="a">AU@</subfield><subfield code="b">000025819898</subfield></datafield></record>